@article{10.1111/coin.12079,
author = {\v{C}ern\'{y}, Martin and Bart\'{a}k, Roman and Brom, Cyril and Gemrot, Jakub},
title = {To Plan or to Simply React? {A}n Experimental Study of Action Planning in a Game Environment},
year = {2016},
issue_date = {November 2016},
publisher = {Blackwell Publishers, Inc.},
address = {USA},
volume = {32},
number = {4},
issn = {0824-7935},
url = {https://doi.org/10.1111/coin.12079},
doi = {10.1111/coin.12079},
journal = {Comput. Intell.},
month = nov,
pages = {668â€“710},
numpages = {43},
keywords = {intelligent virtual agents, dynamic environments, action planning, delete-free planning, comparison}
}
